<?xml version="1.0" encoding="UTF-8"?><collection xmlns="http://www.loc.gov/MARC21/slim"><record><leader>00576nam--2200169-i-4500</leader><controlfield tag="001">000049246</controlfield><controlfield tag="002">20161230</controlfield><controlfield tag="005">20161230201047</controlfield><controlfield tag="008">060222s1000------------r-----000-0-eng-d</controlfield><datafield ind1=" " ind2=" " tag="040"><subfield code="a">IFIN-HH</subfield></datafield><datafield ind1=" " ind2=" " tag="080"><subfield code="a">537.533.3:621.375.826:778.38</subfield></datafield><datafield ind1="1" ind2=" " tag="100"><subfield code="a">Kiver, Milton S</subfield></datafield><datafield ind1="1" ind2="0" tag="245"><subfield code="a">Proceedings of the technical programme electro-optics international '74 conference brighton, england 19, 20, 21 march, 1974</subfield><subfield code="c">Milton s. kiver (conference chairman)</subfield></datafield><datafield ind1=" " ind2=" " tag="260"><subfield code="a">Surrey</subfield><subfield code="b">Kiver Communications Ltd</subfield><subfield code="c">1974</subfield></datafield><datafield ind1=" " ind2=" " tag="300"><subfield code="a">347P</subfield></datafield><datafield ind1=" " ind2=" " tag="852"><subfield code="a">30803</subfield><subfield code="c">537.533.3</subfield></datafield><datafield ind1=" " ind2=" " tag="CAT"><subfield code="a">Sys</subfield><subfield code="c">20110831</subfield><subfield code="h">160904</subfield></datafield></record></collection>